<?xml version="1.0" encoding="UTF-8"?><collection xmlns="http://www.loc.gov/MARC21/slim"><record><leader>00519nam--2200181-i-4500</leader><controlfield tag="001">000009938</controlfield><controlfield tag="002">20161230</controlfield><controlfield tag="005">20161230201028</controlfield><controlfield tag="008">060222s1000------------r-----000-0-eng-d</controlfield><datafield ind1=" " ind2=" " tag="040"><subfield code="a">IFIN-HH</subfield></datafield><datafield ind1=" " ind2=" " tag="080"><subfield code="a">5:523</subfield></datafield><datafield ind1="1" ind2=" " tag="100"><subfield code="a">Menzel, Donald H</subfield></datafield><datafield ind1="1" ind2="0" tag="245"><subfield code="a">Survey of the universe</subfield><subfield code="c">Donald h. menzel, fred l. whipple, gerard de vaucouleurs</subfield></datafield><datafield ind1=" " ind2=" " tag="260"><subfield code="a">Englewood Cliffs, N.J</subfield><subfield code="b">Prentice-hall, Inc</subfield><subfield code="c">1970</subfield></datafield><datafield ind1=" " ind2=" " tag="490"><subfield code="a">Xvii+860p</subfield></datafield><datafield ind1="1" ind2=" " tag="700"><subfield code="a">Vaucouleurs, Gerard De</subfield></datafield><datafield ind1=" " ind2=" " tag="852"><subfield code="a">35988</subfield><subfield code="c">523</subfield></datafield><datafield ind1=" " ind2=" " tag="CAT"><subfield code="a">Sys</subfield><subfield code="c">20130829</subfield><subfield code="h">134633</subfield></datafield></record></collection>